<?xml version="1.0" encoding="UTF-8"?><record xmlns="http://www.loc.gov/MARC21/slim" xmlns:cinclude="http://apache.org/cocoon/include/1.0" xmlns:zs="http://www.loc.gov/zing/srw/">
  <leader>00545nz  a2200157n  4500</leader>
  <controlfield tag="001">no 00013271 </controlfield>
  <controlfield tag="003">DLC</controlfield>
  <controlfield tag="005">20000226070024.0</controlfield>
  <controlfield tag="008">000225n| acannaabn          |a aaa     c</controlfield>
  <datafield tag="010" ind1=" " ind2=" ">
    <subfield code="a">no 00013271 </subfield>
  </datafield>
  <datafield tag="035" ind1=" " ind2=" ">
    <subfield code="a">(OCoLC)oca05161724</subfield>
  </datafield>
  <datafield tag="040" ind1=" " ind2=" ">
    <subfield code="a">AzTeS</subfield>
    <subfield code="b">eng</subfield>
    <subfield code="c">AzTeS</subfield>
  </datafield>
  <datafield tag="100" ind1="1" ind2=" ">
    <subfield code="a">Sepúlveda S., Jaime,</subfield>
    <subfield code="d">1935-</subfield>
  </datafield>
  <datafield tag="400" ind1="1" ind2=" ">
    <subfield code="a">Sepúlveda, Jaime,</subfield>
    <subfield code="d">1935-</subfield>
  </datafield>
  <datafield tag="670" ind1=" " ind2=" ">
    <subfield code="a">Caldas : cómo se formó, cómo se fragmentó, 1997:</subfield>
    <subfield code="b">t.p. (Jaime Sepúlveda S.) p. 187 (b. 1935)</subfield>
  </datafield>
  <datafield tag="670" ind1=" " ind2=" ">
    <subfield code="a">OCLC, Feb. 21, 2000</subfield>
    <subfield code="b">(hdg.: Sepúlveda, Jaime; usage: Jaime Sepúlveda)</subfield>
  </datafield>
</record>